@article{rsa78,
  author  = "Rivest, Ronald L. and Shamir, Adi and Adleman, Leonard M.",
  title   = "A method for obtaining digital signatures and public-key cryptosystems",
  journal = "Communications of the ACM",
  volume  = "21",
  number  = "2",
  pages   = "120--124",
  year    = "1978",
  doi     = "10.1145/359340.359342"
}